@article{1,
    author =       "Joung-Hun Lee and Yoh Iwasa and Ulf Dieckmann and Karl Sigmund",
    title =        "Social evolution leads to persistent corruption",
    journal =      "Proceedings of the National Academy of Sciences",
    year =         "2019",
}
@article{2,
    author =          "Laura Hindersin, Bin Wu, Arne Traulsen & Julian Garc√≠a",
    title=      "Computation and Simulation of Evolutioaty Game Dynamics in Finite Populations",
    journal=      "Nature, sientific reports",
    year=2019}
@misc{3,
  author = "Regina Duarte and Pedro Rio",
  title = "Complex Network Science",
  year = "2019",
  publisher = "GitHub",
  journal = "GitHub repository",
  howpublished = {\url{https://github.com/pedrorio/complex_network_science}},
  branch = "master"
}