@book{ 1,
author = {Sergey Dorogovtsev},
title = {Lectures on Complex Networks},
publisher = {Oxford University Press},
year ={2010},
edition ={1},
month ={April},
note = {Capitulo 2},
isbn ={9780199548927},
}

@article{ 2,
author ={ A. Barrat and M. Weigt},
title ={On the properties of small-world networks models},
journal ={The European Physical Journal B},
volume ={13},
pages ={547-560},
year ={2000}
}

@book{ 3,
author = {Albert-László Barabási},
title = {Network Science},
publisher = {Cambridge University Press},
year ={2016},
edition ={1},
note = {Capitulo 3},
isbn ={9781107076266}
}

@misc{ 4,
author = {Regina Duarte and Pedro Rio},
title = {Complex Network Science},
year = {2019},
publisher = {GitHub},
journal = {GitHub repository},
howpublished = {\url { https://github.com/pedrorio/complex_network_science }},
branch = {master}
}